
@Book{doulouris:2012,
	title = {G. Coulouris and J. Dollimore and T. Kindberg and G. Blair},
	author = {Distributed Systems: Concepts and Design (5th Edition)},
	year = {2011},
	pages = {1063},
	publisher = {Addison-Wesley},
	editor = {M. Horton}
}

@Misc{joosen:2013:directcommunication:part1,
	author = {W. Joosen},
	year = {2013},
	title = {Distributed Systems Direct Communication PART I}
}

@Misc{joosen:2013:directcommunication:part2,
	author = {W. Joosen},
	year = {2013},
	title = {Distributed Systems Direct Communication PART II}
}

@Misc{joosen:2013:filesystems,
	author = {W. Joosen},
	year = {2013},
	title = {Distributed File Systems}
}

@Misc{joosen:2013:transactions:part1,
	author = {W. Joosen},
	year = {2013},
	title = {Distributed Systems - Transactions - I}
}

@Misc{joosen:2013:transactions:part2,
	author = {W. Joosen},
	year = {2013},
	title = {Distributed Systems : Transactions - Part 2}
}

@Misc{joosen:2013:replication,
	author = {W. Joosen},
	year = {2013},
	title = {Distributed Systems: Replicated Data - Part 1}
}

@Misc{wikipedia:2013:linearizability,
	author = {Wikipedia},
	year = {2013},
	title = {Linearizability},
	notes = {Online available at : http://en.wikipedia.org/wiki/Linearizability}
}

@Misc{mell:2011:nist,
	author = {P. Mell and T. Grance},
	year = {2011},
	title = {The NIST Definition of Cloud Computing},
	notes = {Online available at : http://csrc.nist.gov/publications/nistpubs/800-145/SP800-145.pdf}
}

@Misc{dean:2009:valueofcloudcomputing,
	author = {D. Dean and T. Saleh},
	year = {2009},
	title = {Capturing the Value of Cloud Computing: How Enterprises Can Chart Their Course to the Next Level},
	notes = {Online available at : http://www.bcg.be/documents/file34246.pdf}
}